@misc{Beezer11,
    author    = "Robert A. Beezer",
    title     = "{S}age for {L}inear {A}lgebra",
    howpublished = {\url{http://linear.ups.edu/download/fcla-2.22-sage-4.7.1-preview.pdf}},
    year      = "2011"
}

@article{BlankKrikorianSpring89,
    author  = "Blank, S. J. and Krikorian, Nishan  and Spring, David",
    title   = "A geometrically inspired proof of the singular value decomposition",
    year    = "1989",
    month   = "March",
    journal = "The American Mathematics Monthly",
    pages   = "238-239"
}

@book{Brandt,
    author    = "{R}on {B}randt",
    title     = "Powerful Learning",
    publisher = "Association for Supervision and Curriculum Development",
    year      = "1998"
}

@article{Goldberg91,
    author  = "David Goldberg",
    title   = "What Every Computer Scientist Should Know About Floating-Point Arithmetic",
    year    = "1991",
    month   = "March",
    journal = "ACM Computing Surveys",
    volume  = {23},
    number  = {1},
    pages   = {5--48}
}

@article{JoynerStein07,
    author  = "David Joyner and William Stein",
    title   = "Open Source Mathematical Software",
    year    = "2007",
    month   = "November",
    journal = "Notices of the AMS",
    pages   = "1279"
}

@misc{Hefferon12,
    author    = "Jim Hef{}feron",
    title     = "{L}inear {A}lgebra",
    howpublished = {\url{http://joshua.smcvt.edu/linearalgebra}},
    year      = "2012"
}

@misc{PythonTeam12a,
   author = "{P}ython {T}eam",
   title = "Floating point arithmetic: issues and limitations",
   year = "2012",
   url = "http://docs.python.org/2/tutorial/floatingpoint.html",
   note = "[Online; accessed 17-Dec-2012]"
 }

@misc{PythonTeam12b,
   author = "{P}ython {T}eam",
   title = "The Python Tutorial",
   year = "2012",
   url = "http://docs.python.org/2/tutorial/index.html",
   note = "[Online; accessed 17-Dec-2012]"
 }

@misc{SageTeam12ref,
    author    = "{S}age {D}evelopment {Team}",
    title     = "Sage Reference Manual 5.3",
    howpublished = {\url{http://www.sagemath.org/pdf/reference.pdf}},
    year      = "2012"
}

@misc{SageTeam12,
    author    = "{S}age {D}evelopment {Team}",
    title     = "Sage Tutorial 5.3",
    howpublished = {\url{http://www.sagemath.org/pdf/SageTutorial.pdf}},
    year      = "2012"
}

@book{Suzuki,
    author    = "{S}hunryu {S}uzuki",
    title     = "Zen Mind, Beginners Mind",
    publisher = "Shambhala",
    year      = "2006"
}

@book{TrefethenBau97,
    author    = "Trefethen, Lloyd N. and Bau, III, David",
    title     = "Numerical Linear Algebra",
    publisher = "Society for Industrial and Applied Mathematics",
    year      = "1997"
}

@misc{wiki:ExtremeValueThm,
   author = "Wikipedia",
   title = "{E}xtreme value theorem",
   year = "2012",
   url = "http://en.wikipedia.org/wiki/Extreme_value_theorem",
   note = "[Online; accessed 28-Nov-2012]"
 }

@misc{wiki:Lenna,
   author = "Wikipedia",
   title = "Lenna",
   year = "2012",
   url = "http://en.wikipedia.org/wiki/Lenna",
   note = "[Online; accessed 29-Nov-2012]"
 }
